@book{maclane_categories_2010,
  author = {Mac Lane, Saunders},
  title = {Categories for the Working Mathematician},
  year = {2010},
  publisher = {Springer},
  series = {Graduate Texts in Mathematics}
}

@book{maclane_sheaves_1992,
  author    = {Mac Lane, Saunders and Moerdijk, Ieke},
  title     = {Sheaves in Geometry and Logic: A First Introduction to Topos Theory},
  publisher = {Springer},
  year      = {1992},
  isbn      = {978-0387977102}
}

@book{awodey_category_2010,
  author = {Awodey, Steve},
  title = {Category Theory},
  year = {2010},
  publisher = {Oxford University Press},
  edition = {2nd}
}

@book{leinster_basic_2014,
  author = {Leinster, Tom},
  title = {Basic Category Theory},
  year = {2014},
  publisher = {Cambridge University Press}
}

@book{pierce_types_2002,
  author = {Pierce, Benjamin C.},
  title = {Types and Programming Languages},
  year = {2002},
  publisher = {MIT Press}
}

@book{spivak_category_2014,
  author = {Spivak, David I.},
  title = {Category Theory for the Sciences},
  year = {2014},
  publisher = {MIT Press}
}

@article{baez_rosenthal_2008,
  author = {Baez, John C. and Rosenthal, James},
  title = {Higher-Dimensional Algebra VI: Lie 2-Algebras},
  journal = {Theory and Applications of Categories},
  year = {2008},
  volume = {12},
  pages = {492--528}
}

@incollection{joyal_sheaves_1993,
  author    = {Joyal, André and Tierney, Myles},
  title     = {An Introduction to Sheaves and Sheaf Cohomology},
  booktitle = {Handbook of Algebraic Topology},
  publisher = {Elsevier},
  editor    = {James, I. M.},
  year      = {1993},
  pages     = {509--550}
}

@article{jacobson_sheavesbio_2018,
  author  = {Jacobson, Nathaniel and Tran, Hien},
  title   = {Sheaf Theoretic Models in Systems Biology},
  journal = {Bulletin of Mathematical Biology},
  year    = {2018},
  volume  = {80},
  number  = {2},
  pages   = {429--457},
  doi     = {10.1007/s11538-017-0361-6}
}

@article{leray1934mouvement,
  author    = {Jean Leray},
  title     = {Sur le mouvement d’un liquide visqueux emplissant l’espace},
  journal   = {Acta Mathematica},
  volume    = {63},
  number    = {1},
  pages     = {193--248},
  year      = {1934},
  publisher = {Springer},
  doi       = {10.1007/BF02547354}
}

@article{koch2001liouville,
  author    = {Herbert Koch and Daniel Tataru},
  title     = {Well-posedness for the Navier–Stokes equations},
  journal   = {Advances in Mathematics},
  volume    = {157},
  number    = {1},
  pages     = {22--35},
  year      = {2001},
  publisher = {Elsevier},
  doi       = {10.1006/aima.2000.2007}
}

@article{tao2014ns,
  author    = {Terence Tao},
  title     = {Finite time blowup for an averaged three-dimensional Navier–Stokes equation},
  journal   = {Journal of the American Mathematical Society},
  volume    = {29},
  number    = {3},
  pages     = {601--674},
  year      = {2016},
  doi       = {10.1090/jams/845},
  note      = {See also Tao's blog for exposition: \url{https://terrytao.wordpress.com/2014/02/04}}
}
